<?xml version="1.0" encoding="UTF-8"?><collection xmlns="http://www.loc.gov/MARC21/slim"><record><leader>00353nam--2200121-i-4500</leader><controlfield tag="001">000006380</controlfield><controlfield tag="002">20161230</controlfield><controlfield tag="005">20161230201026</controlfield><controlfield tag="008">060222s1000------------r-----000-0-eng-d</controlfield><datafield ind1=" " ind2=" " tag="080"><subfield code="a">18862</subfield></datafield><datafield ind1=" " ind2=" " tag="245"><subfield code="a">Electronic structure and alloy chemistry of th e transition elements</subfield></datafield><datafield ind1=" " ind2=" " tag="260"><subfield code="a">New York, Interscience Publischers, 1963 Ix + 251 P</subfield></datafield><datafield ind1=" " ind2=" " tag="700"><subfield code="a">Beck, Paul A</subfield></datafield></record></collection>